<record><leader>00000cas a22000007a 4500</leader><controlfield tag="001">18114772</controlfield><controlfield tag="008">880621d189219uumsuwr ne      0    0eng d</controlfield><datafield ind1=" " ind2=" " tag="010"><subfield code="a">sn 88067155 </subfield></datafield><datafield ind1=" " ind2=" " tag="040"><subfield code="a">MSJ</subfield><subfield code="b">eng</subfield><subfield code="c">MSJ</subfield><subfield code="d">OCLCQ</subfield></datafield><datafield ind1=" " ind2=" " tag="042"><subfield code="a">msc</subfield></datafield><datafield ind1="0" ind2=" " tag="130"><subfield code="a">People's banner (Pontotoc, Miss.)</subfield></datafield><datafield ind1="1" ind2="4" tag="245"><subfield code="a">The People's banner.</subfield></datafield><datafield ind1=" " ind2=" " tag="260"><subfield code="a">Pontotoc, Miss. :</subfield><subfield code="b">N.W. Bradford</subfield></datafield><datafield ind1=" " ind2=" " tag="310"><subfield code="a">Weekly</subfield></datafield><datafield ind1="1" ind2=" " tag="362"><subfield code="a">Began in 1892.</subfield></datafield><datafield ind1=" " ind2=" " tag="588"><subfield code="a">Description based on: Vol. 1, no. 43 (Mar. 9, 1893).</subfield></datafield><datafield ind1=" " ind2=" " tag="752"><subfield code="a">United States</subfield><subfield code="b">Mississippi</subfield><subfield code="c">Pontotoc</subfield><subfield code="d">Pontotoc.</subfield></datafield><datafield ind1="0" ind2="0" tag="780"><subfield code="t">Pontotoc Democrat (Pontotoc, Miss. : 1887)</subfield><subfield code="w">(OCoLC)16260547</subfield></datafield></record>